@article{sin,
    AUTHOR="Sin, Emmanuel",
    TITLE="Small Satellite Constellation Separation using Linear Programming based Differential Drag Commands",
    JOURNAL="Cornell University Library",
    URL="https://arxiv.org/abs/1710.00104",
    YEAR="2017",
}
@article{horsley,
    AUTHOR="M. Horsley",
    TITLE="Rendezvous Maneuvers of Small Spacecraft Using Differential Lift and Drag",
    JOURNAL="Journal of guidance, control, and dynamics",
    URL="https://e-reports-ext.llnl.gov/pdf/546389.pdf",
    YEAR="2017",
}
@article{swarm_ai,
    AUTHOR="PÃ©rez, David",
    TITLE="Orbit-centered atmospheric density prediction using artificial neural networks",
    JOURNAL="Acta Astronautica",
    URL="https://www.sciencedirect.com/science/article/pii/S0094576514000095",
    YEAR="2014",
}
@article{drag_deff,
    TITLE="Definition of Drag",
    publisher="merriam-webster",
    howpublished={\url{https://www.merriam-webster.com/dictionary/drag}},
    URL="https://www.merriam-webster.com/dictionary/drag",
    year="",
}
@article{kos,
    TITLE="The Kerbal Operating System",
    publisher="kOS Team",
    howpublished={\url{https://ksp-kos.github.io/KOS/}},
    URL="https://ksp-kos.github.io/KOS/",
    year="",
}
@article{iss_boi,
    AUTHOR="Joe Camato",
    TITLE="Physics From Planet Earth An Introduction to Classical Mechanics",
    publisher="wordpress",
    howpublished={\url{https://physicsfromplanetearth.wordpress.com/2017/02/13/work-energy-and-the-satellite-drag-paradox/}},
    URL="https://physicsfromplanetearth.wordpress.com/2017/02/13/work-energy-and-the-satellite-drag-paradox/",
    year="2017",
}
@article{ksp_api,
    AUTHOR="Nathan Kell",
    TITLE="KSP API",
    publisher="Take-Two Interactive",
    howpublished={\url{https://kerbalspaceprogram.com/api/index.html}},
    URL="https://kerbalspaceprogram.com/api/index.html",
    year="2018",
}
@article{aero_gui,
    AUTHOR="Nathan Kell",
    TITLE="AeroGUI",
    publisher="github",
    howpublished={\url{https://github.com/NathanKell/AeroGUI/blob/master/AeroGUI/AeroGUI.cs}},
    URL="https://github.com/NathanKell/AeroGUI/blob/master/AeroGUI/AeroGUI.cs",
    year="2018",
}
https://github.com/NathanKell/AeroGUI/blob/master/AeroGUI/AeroGUI.cs
https://kerbalspaceprogram.com/api/index.html
https://physicsfromplanetearth.wordpress.com/2017/02/13/work-energy-and-the-satellite-drag-paradox/
@article{dist_boi,
  author = {Zilun Hu and Jianying Yang},
  title = {Distributed optimal formation algorithm for multi-satellites system with time-varying performance function},
  journal = {International Journal of Control},
  volume = {0},
  number = {0},
  pages = {1-12},
  year  = {2018},
  publisher = {Taylor & Francis},
  doi = {10.1080/00207179.2018.1486512},
  URL = {https://doi.org/10.1080/00207179.2018.1486512},
  eprint = {https://doi.org/10.1080/00207179.2018.1486512}
}
@article{lifty_boi,
  author = {Brenton Smith and Russell Boyce and Laurie Brown and Matthew Garratt},
  title = {Investigation into the Practicability of Differential Lift-Based Spacecraft Rendezvous},
  journal = {Journal of Guidance, Control, and Dynamics},
  volume = {40},
  number = {10},
  year  = {2017},
  pages = {2682-2689},
  publisher = {AIAA},
  doi = {https://doi.org/10.2514/1.G002537},
  URL = {https://arc.aiaa.org/doi/10.2514/1.G002537},
}
Brenton Smith, Russell Boyce, Laurie Brown, and Matthew Garratt.
"Investigation into the Practicability of Differential Lift-Based Spacecraft Rendezvous",
Journal of Guidance, Control, and Dynamics, Vol. 40, No. 10 (2017), pp. 2682-2689.
https://ksp-kos.github.io/KOS/
@article{Kerbal_wiki,
    TITLE="The Atmosphere of Kerbin",
    publisher="Kerbal Space Program Wiki",
    howpublished={\url{https://wiki.kerbalspaceprogram.com/wiki/Kerbin}},
    URL="https://wiki.kerbalspaceprogram.com/wiki/Kerbin",
    year="",
}
@article{auto_rend,
    author="Michael E. Polites",
    TITLE="Technology of Automated Rendezvous and Capture in Space",
    url={https://doi.org/10.2514/2.3443},
    journal={Journal of Spacecraft and Rockets},
    year={1999},
    publisher={AIAA},
}
@article{planet_lab,
    author="Cyrus Foster, James Mason, Vivek Vittaldev",
    TITLE="Constellation Phasing with Differential Drag on Planet Labs Satellites",
    url={https://doi.org/10.2514/1.A33927},
    journal={Journal of Spacecraft and Rockets},
    year={2018},
    publisher={AIAA},
}
@article{sanny,
    author="Sanny Omar",
    TITLE="CubeSat Formation Control using Differential Drag",
    url={http://mstl.atl.calpoly.edu/~bklofas/Presentations/DevelopersWorkshop2014/Omar_CubeSat_Formation_Control.pdf},
    journal={AIAA/Cal Poly Small Satellite Workshop},
    year={2014},
    publisher={AIAA},
}
@article{wiki_ai_games,
    author="Harbing Lou",
    TITLE="AI in Video Games: Toward a More Intelligent Game",
    howpublished={\url{http://sitn.hms.harvard.edu/flash/2017/ai-video-games-toward-intelligent-game/}},
    URL="http://sitn.hms.harvard.edu/flash/2017/ai-video-games-toward-intelligent-game/",
    year="",
}
@book{ai_games_book,
    author="Yannakakis, Georgios N. and Togelius, Julian",
    TITLE="Artificial Intelligence and Games",
    howpublished={\url{http://gameaibook.org/book.pdf}},
    URL="http://gameaibook.org/book.pdf",
    year="2018",
}
@article{okwow,
  author = {Gentina, Jonas and da Fonseca, Ijar},
  year = {2018},
  month = {12},
  publisher = {Brazil National Institute for Space Research},
  title = "Analytical and Numerical Study of Orbital Transfer Types Aiming Rendezvous Maneuvers",
}
@article{lift_drag,
  author = {M Horsley and S. Nikolaev and A. Pertica},
  year = {2018},
  month = {12},
  journal = {Journal of Guidance, Control, and Dynamics},
  publisher = {AIAA},
  title = "Small Satellite Rendezvous Using Differential Lift and Drag",
}

M. Horsley, S. Nikolaev, and A. Pertica.  "Small Satellite Rendezvous Using Differential Lift and Drag",
Journal of Guidance, Control, and Dynamics, Vol. 36, No. 2 (2013), pp. 445-453.
@book{class_book,
 author = {Russell, Stuart and Norvig, Peter},
 title = {Artificial Intelligence: A Modern Approach},
 year = {2009},
 isbn = {0136042597, 9780136042594},
 edition = {3rd},
 publisher = {Prentice Hall Press},
 address = {Upper Saddle River, NJ, USA},
}
@article{lin_multi,
  title={The multi-agent rendezvous problem},
  url={https://ieeexplore.ieee.org/document/1272825},
  journal={IEEE International Conference on Decision and Control},
  year={2003},
  publisher={IEEE Computer Society}
}


http://gameaibook.org/book.pdf

https://en.wikipedia.org/wiki/Artificial_intelligence_in_video_games
